@INPROCEEDINGS{NNH,
author={D. {Choi} and C. {Chung}},
booktitle={2015 IEEE 31st International Conference on Data Engineering},
title={Nearest neighborhood search in spatial databases},
year={2015},
volume={},
number={},
pages={699-710},
keywords={geometry;query processing;search problems;tree data structures;visual databases;nearest neighborhood search;spatial databases;nearest neighborhood query;NNH query;ρ-radius circle;incremental retrieval;R-tree structure;NNH search problem;geometric problem;nearest enclosing circle;linear expected-time algorithm;NEC problem;Spatial databases;Artificial neural networks;Query processing;Indexes;Clustering algorithms;Mobile communication;Data mining},
doi={10.1109/ICDE.2015.7113326},
ISSN={},
month={April},}

@INPROCEEDINGS{BNNH,
author={S. {Le} and Y. {Dong} and H. {Chen} and K. {Furuse}},
booktitle={2019 IEEE International Conference on Big Data and Smart Computing (BigComp)},
title={Balanced Nearest Neighborhood Query in Spatial Database},
year={2019},
volume={},
number={},
pages={1-4},
keywords={pattern clustering;query processing;visual databases;spatial database;query point q;NNH;nearest group;fixed scale;location-based services;candidate groups;general neighborhood retrieval;realistic neighborhood retrieval;flexible scale;BNNH query;query processing problem;balanced nearest neighborhood query;query problem;Spatial databases;Indexes;Mathematical model;Query processing;Smoothing methods;Force;Computer science;Nearest neighborhood query;Spatial database;R-tree structure;Grid index},
doi={10.1109/BIGCOMP.2019.8679425},
ISSN={},
month={Feb},}

@article{ANN,
 author = {Papadias, Dimitris and Tao, Yufei and Mouratidis, Kyriakos and Hui, Chun Kit},
 title = {Aggregate Nearest Neighbor Queries in Spatial Databases},
 journal = {ACM Trans. Database Syst.},
 issue_date = {June 2005},
 volume = {30},
 number = {2},
 month = jun,
 year = {2005},
 issn = {0362-5915},
 pages = {529--576},
 numpages = {48},
 url = {http://doi.acm.org/10.1145/1071610.1071616},
 doi = {10.1145/1071610.1071616},
 acmid = {1071616},
 publisher = {ACM},
 address = {New York, NY, USA},
 keywords = {Spatial database, aggregation, nearest neighbor queries},
}

@inproceedings{NN,
  title={Nearest neighbor queries},
  author={Roussopoulos, Nick and Kelley, Stephen and Vincent, Fr{\'e}d{\'e}ric},
  booktitle={ACM sigmod record},
  volume={24},
  number={2},
  pages={71--79},
  year={1995},
  organization={ACM}
}

@article{cheung1998enhanced,
  title={Enhanced nearest neighbour search on the R-tree},
  author={Cheung, King Lum and Fu, Ada Wai-Chee},
  journal={ACM SIGMOD Record},
  volume={27},
  number={3},
  pages={16--21},
  year={1998},
  publisher={ACM}
}

@article{hjaltason1999distance,
  title={Distance browsing in spatial databases},
  author={Hjaltason, G{\'\i}sli R and Samet, Hanan},
  journal={ACM Transactions on Database Systems (TODS)},
  volume={24},
  number={2},
  pages={265--318},
  year={1999},
  publisher={ACM}
}

@book{R-tree,
  title={R-trees: A dynamic index structure for spatial searching},
  author={Guttman, Antonin},
  volume={14},
  number={2},
  year={1984},
  publisher={ACM}
}

@INPROCEEDINGS{GNG,
author={ {Dimitris Papadias} and {Qiongmao Shen} and {Yufei Tao} and {Kyriakos Mouratidis}},
booktitle={Proceedings. 20th International Conference on Data Engineering},
title={Group nearest neighbor queries},
year={2004},
volume={},
number={},
pages={301-312},
keywords={query processing;tree data structures;database indexing;group nearest neighbor;GNN query;Euclidean distance;Nearest neighbor searches;Neural networks;Computer science;Information retrieval;Spatial databases;Euclidean distance;Application software;Content based retrieval;Costs;Indexing},
doi={10.1109/ICDE.2004.1320006},
ISSN={},
month={April},}

@misc{SEC,
author={Wikipedia contributors},
title={Smallest-circle problem},
url={https://en.wikipedia.org/wiki/Smallest-circle_problem},
howpublished ={\\https://en.wikipedia.org/wiki/Smallest-circle\_problem},
note={(参照 2019-10-20)},
journal={Wikipedia},
publisher={Wikimedia Foundation},
year={2019},
month={Oct}}

@inproceedings{hochreiter2001learning,
  title={Learning to learn using gradient descent},
  author={Hochreiter, Sepp and Younger, A Steven and Conwell, Peter R},
  booktitle={International Conference on Artificial Neural Networks},
  pages={87--94},
  year={2001},
  organization={Springer}
}

@misc{chorochronos, title={ChoroChronos.Datastories.org}, url={http://chorochronos.datastories.org/?q=node}, journal={ChoroChronos.Datastories.org},
howpublished ={\\http://chorochronos.datastories.org/?q=node},
author={US Census Bureau},
note={(参照 2020-01-09)},}